@article{Hi02,
  title={Training products of experts by minimizing contrastive divergence},
  author={Hinton, Geoffrey E},
  journal={Neural Comput.},
  volume={14},
  number={8},
  pages={1771--1800},
  year={2002},
}

@inproceedings{Ti08,
  title={Training restricted {Boltzmann} machines using approximations to the likelihood gradient},
  author={Tieleman, Tijmen},
  booktitle={International Conference on Machine Learning},
  pages={1064--1071},
  year={2008}
}

@article{HuLi21,
  title={A variational perspective on diffusion-based generative models and score matching},
  author={Huang, Chin-Wei and Lim, Jae Hyun and Courville, Aaron C.},
  journal={Advances in Neural Information Processing Systems},
  volume={34},
  year={2021}
}

@Article{Hy05,
  author  = {Hyv{\"a}rinen, Aapo and Dayan, Peter},
  title   = {Estimation of non-normalized statistical models by score matching.},
  journal = {Journal of Machine Learning Research},
  year    = {2005},
  volume  = {6},
  number  = {4},
}

@Article{Hy07,
  author  = {Hyvarinen, Aapo},
  title   = {Connections between score matching, contrastive divergence, and pseudolikelihood for continuous-valued variables},
  journal = {IEEE Transactions on Neural Networks},
  year    = {2007},
  volume  = {18},
  number  = {5},
  pages   = {1529--1531},
}

@article{GeGe84,
  title={Stochastic relaxation, Gibbs distributions, and the Bayesian restoration of images},
  author={Geman, Stuart and Geman, Donald},
  journal={IEEE Trans. Pattern Anal. Mach. Intell.},
  number={6},
  pages={721--741},
  year={1984},
}

@Article{RoBl09,
  Title                    = {{Fields of Experts}},
  Author                   = {Roth, Stefan and Black, Michael J.},
  Journal                  = {Int. J. Comput. Vis.},
  Year                     = {2009},
  Number                   = {2},
  Pages                    = {205--229},
  Volume                   = {82}
}

@Article{RaSi11,
  author  = {Raphan, Martin and Simoncelli, Eero P},
  title   = {Least squares estimation without priors or supervision},
  journal = {Neural Comp.},
  year    = {2011},
  volume  = {23},
  number  = {2},
  pages   = {374--420},
}

@InProceedings{SoEr19,
  author    = {Song, Yang and Ermon, Stefano},
  title     = {Generative Modeling by Estimating Gradients of the Data Distribution},
  booktitle = {Advances in Neural Information Processing Systems},
  year      = {2019},
  volume    = {32},
}

@InProceedings{SoGa20,
  author       = {Song, Yang and Garg, Sahaj and Shi, Jiaxin and Ermon, Stefano},
  title        = {Sliced score matching: A scalable approach to density and score estimation},
  booktitle    = {Uncertainty in Artificial Intelligence},
  year         = {2020},
  pages        = {574--584},
}

@Article{Vi11,
  author  = {Vincent, Pascal},
  title   = {A connection between score matching and denoising autoencoders},
  journal = {Neural Comput.},
  year    = {2011},
  volume  = {23},
  number  = {7},
  pages   = {1661--1674},
}

@book{BlZi87,
    AUTHOR = {Blake, Andrew and Zisserman, Andrew},
     TITLE = {Visual reconstruction},
 PUBLISHER = {MIT Press, Cambridge, MA},
      YEAR = {1987},
}

@article{ChYe21,
  title={Score-based diffusion models for accelerated {MRI}},
  author={Chung, Hyungjin and Ye, Jong Chul},
  journal={arXiv preprint arXiv:2110.05243},
  year={2021}
}

@InProceedings{RaRe20,
  author    = {Ramzi, Zaccharie and R{\'e}my, Benjamin and Lanusse, Francois and Starck, Jean-Luc and Ciuciu, Philippe},
  title     = {Denoising Score-Matching for Uncertainty Quantification in Inverse Problems},
  booktitle = {NeurIPS 2020 Workshop on Deep Learning and Inverse Problems},
  year      = {2020},
}

@inproceedings{Ro56,
    AUTHOR = {Robbins, Herbert},
     TITLE = {An empirical {B}ayes approach to statistics},
 BOOKTITLE = {Proceedings of the {T}hird {B}erkeley {S}ymposium on
              {M}athematical {S}tatistics and {P}robability, 1954--1955,
              vol. {I}},
     PAGES = {157--163},
      YEAR = {1956},
}

@article {Ef11,
    AUTHOR = {Efron, Bradley},
     TITLE = {Tweedie's formula and selection bias},
   JOURNAL = {J. Amer. Statist. Assoc.},
    VOLUME = {106},
      YEAR = {2011},
    NUMBER = {496},
     PAGES = {1602--1614},
}

@book{Du19,
  title={Probability: Theory and Examples},
  author={Durrett, Rick},
  volume={49},
  year={2019},
  publisher={Cambridge university press}
}

@book{Be15,
  title={Convex optimization algorithms},
  author={Bertsekas, Dimitri P.},
  year={2015},
  publisher={Athena Scientific}
}

@book{Be17,
  title={First-order Methods in Optimization},
  author={Beck, Amir},
  year={2017},
  publisher={SIAM}
}

@article{NgNg20,
  title={Approximation by finite mixtures of continuous density functions that vanish at infinity},
  author={Nguyen, T. Tin and Nguyen, Hien D. and Chamroukhi, Faicel and McLachlan, Geoffrey J.},
  journal={Cogent Mathematics \& Statistics},
  volume={7},
  number={1},
  pages={1750861},
  year={2020},
  publisher={Taylor \& Francis}
}

@article{HoJa20,
  title={Denoising diffusion probabilistic models},
  author={Ho, Jonathan and Jain, Ajay and Abbeel, Pieter},
  journal={Advances in Neural Information Processing Systems},
  volume={33},
  pages={6840--6851},
  year={2020}
}

@inproceedings{OcMe18,
  title={Lifting layers: Analysis and applications},
  author={Ochs, Peter and Meinhardt, Tim and Leal-Taixe, Laura and Moeller, Michael},
  booktitle={ECCV},
  pages={52--67},
  year={2018}
}

@article{AzGu20,
  title={Deep neural networks with trainable activations and controlled Lipschitz constant},
  author={Aziznejad, Shayan and Gupta, Harshit and Campos, Joaquim and Unser, Michael},
  journal={IEEE Transactions on Signal Processing},
  volume={68},
  pages={4688--4699},
  year={2020},
}

@article{ChRa14,
  title={Insights into analysis operator learning: From patch-based sparse models to higher order {MRFs}},
  author={Chen, Yunjin and Ranftl, Rene and Pock, Thomas},
  journal={IEEE Transactions on Image Processing},
  volume={23},
  number={3},
  pages={1060--1072},
  year={2014},
}

@article{ChPo16,
  title={Trainable nonlinear reaction diffusion: A flexible framework for fast and effective image restoration},
  author={Chen, Yunjin and Pock, Thomas},
  journal={IEEE Transactions on Pattern Analysis and Machine Intelligence},
  volume={39},
  number={6},
  pages={1256--1272},
  year={2016},
}

@inproceedings{KoKl17,
  title={Variational networks: connecting variational methods and deep learning},
  author={Kobler, Erich and Klatzer, Teresa and Hammernik, Kerstin and Pock, Thomas},
  booktitle={German Conference on Pattern Recognition},
  pages={281--293},
  year={2017},
}

@article{ZhTa20,
  title={Adabelief optimizer: Adapting stepsizes by the belief in observed gradients},
  author={Zhuang, Juntang and Tang, Tommy and Ding, Yifan and Tatikonda, Sekhar C and Dvornek, Nicha and Papademetris, Xenophon and Duncan, James},
  journal={Advances in neural information processing systems},
  volume={33},
  pages={18795--18806},
  year={2020}
}

@InProceedings{MaFo01,
  author = {D. Martin and C. Fowlkes and D. Tal and J. Malik},
  title = {A Database of Human Segmented Natural Images and its
           Application to Evaluating Segmentation Algorithms and
           Measuring Ecological Statistics},
  booktitle = {Proc. 8th Int'l Conf. Computer Vision},
  year = {2001},
  month = {July},
  volume = {2},
  pages = {416--423}
}

@article{BoSa14,
  title={Proximal alternating linearized minimization for nonconvex and nonsmooth problems},
  author={Bolte, J{\'e}r{\^o}me and Sabach, Shoham and Teboulle, Marc},
  journal={Mathematical Programming},
  volume={146},
  number={1},
  pages={459--494},
  year={2014},
}

@article{BeTe09,
  title={A fast iterative shrinkage-thresholding algorithm for linear inverse problems},
  author={Beck, Amir and Teboulle, Marc},
  journal={SIAM journal on imaging sciences},
  volume={2},
  number={1},
  pages={183--202},
  year={2009},
}

@article{HaKl18,
  title={Learning a variational network for reconstruction of accelerated MRI data},
  author={Hammernik, Kerstin and Klatzer, Teresa and Kobler, Erich and Recht, Michael P and Sodickson, Daniel K and Pock, Thomas and Knoll, Florian},
  journal={Magnetic resonance in medicine},
  volume={79},
  number={6},
  pages={3055--3071},
  year={2018},
  publisher={Wiley Online Library}
}

@article{EfKo20,
  title={Variational networks: An optimal control approach to early stopping variational methods for image restoration},
  author={Effland, Alexander and Kobler, Erich and Kunisch, Karl and Pock, Thomas},
  journal={Journal of mathematical imaging and vision},
  volume={62},
  number={3},
  pages={396--416},
  year={2020},
}

@inproceedings{SoSo20,
  title={Score-Based Generative Modeling through Stochastic Differential Equations},
  author={Song, Yang and Sohl-Dickstein, Jascha and Kingma, Diederik P and Kumar, Abhishek and Ermon, Stefano and Poole, Ben},
  booktitle={International Conference on Learning Representations},
  year={2020}
}

@article{DiSa22,
  title={Continuous Diffusion for Categorical Data},
  author={Dieleman, Sander and Sartran, Laurent and Roshannai, Arman and Savinov, Nikolay and Ganin, Yaroslav and Richemond, Pierre H and Doucet, Arnaud and Strudel, Robin and Dyer, Chris and Durkan, Conor and others},
  journal={arXiv preprint arXiv:2211.15089},
  year={2022}
}

@inproceedings{KaMi22,
title={Elucidating the Design Space of Diffusion-Based Generative Models},
author={Tero Karras and Miika Aittala and Timo Aila and Samuli Laine},
booktitle={Advances in Neural Information Processing Systems},
year={2022},
}

@inproceedings{KiSa21,
  title={Variational Diffusion Models},
  author={Kingma, Diederik and Salimans, Tim and Poole, Ben and Ho, Jonathan},
  booktitle={Advances in Neural Information Processing Systems},
  year={2021}
}

@inproceedings{SoJa15,
  title={Deep unsupervised learning using nonequilibrium thermodynamics},
  author={Sohl-Dickstein, Jascha and Weiss, Eric and Maheswaranathan, Niru and Ganguli, Surya},
  booktitle={International Conference on Machine Learning},
  pages={2256--2265},
  year={2015},
}

@inproceedings{SoEr20,
  title={Improved techniques for training score-based generative models},
  author={Song, Yang and Ermon, Stefano},
  booktitle={Advances in Neural Information Processing Systems},
  year={2020}
}

@inproceedings{SoSo21,
  title={Score-based Generative Modeling through Stochastic Differential Equations},
  author={Song, Yang and Sohl-Dickstein, Jascha and Kingma, Diederik P. and Kumar, Abhisheck and Ermon, Stefano and Poole, Ben},
  booktitle={International Conference on Learning Representations},
  year={2021}
}

@inproceedings{RoBl22,
  title={High-resolution Image Synthesis with Latent Diffusion Models},
  author={Rombach, Robin and Blattmann, Andreas and Lorenz, Dominik and Esser, Patrick and Ommer, Bj{\"o}rn},
  booktitle={Proceedings of the IEEE/CVF Conference on Computer Vision and Pattern Recognition},
  pages={10684--10695},
  year={2022}
}

@inproceedings{NiDh21,
  title={Improved Denoising Diffusion Probabilistic Models},
  author={Nichol, Alexander Quinn and Dhariwal, Prafulla},
  booktitle={International Conference on Machine Learning},
  pages={8162--8171},
  year={2021},
}

@inproceedings{SoMe22,
  title={Denoising Diffusion Implicit Models},
  author={Song, Jiaming and Meng, Chenlin and Ermon, Stefano},
  booktitle={International Conference on Learning Representations},
  year={2022},
}

@article{PeRe21,
  title={Learning Maximally Monotone Operators for Image Recovery},
  author={Pesquet, Jean-Christophe and Repetti, Audrey and Terris, Matthieu and Wiaux, Yves},
  journal={SIAM Journal on Imaging Sciences},
  volume={14},
  number={3},
  pages={1206--1237},
  year={2021},
  publisher={SIAM}
}

@inproceedings{TeRe21,
  title={Enhanced Convergent PnP Algorithms for Image Restoration},
  author={Terris, Matthieu and Repetti, Audrey and Pesquet, Jean-Christophe and Wiaux, Yves},
  booktitle={IEEE International Conference on Image Processing (ICIP)},
  pages={1684--1688},
  year={2021},
  organization={IEEE}
}
